<record><leader>00000cas a22000007a 4500</leader><controlfield tag="001">23951040</controlfield><controlfield tag="008">910618c19909999mnuwr ne      0    0eng d</controlfield><datafield ind1=" " ind2=" " tag="010"><subfield code="a">sn 91059407 </subfield></datafield><datafield ind1=" " ind2=" " tag="040"><subfield code="a">MN#</subfield><subfield code="b">eng</subfield><subfield code="c">MN#</subfield><subfield code="d">OCLCQ</subfield><subfield code="d">OCLCF</subfield><subfield code="d">OCLCO</subfield></datafield><datafield ind1=" " ind2=" " tag="042"><subfield code="a">msc</subfield></datafield><datafield ind1=" " ind2=" " tag="043"><subfield code="a">n-us-mn</subfield></datafield><datafield ind1=" " ind2=" " tag="052"><subfield code="a">4144</subfield><subfield code="b">M74</subfield></datafield><datafield ind1=" " ind2=" " tag="052"><subfield code="a">4143</subfield><subfield code="b">K3</subfield></datafield><datafield ind1="0" ind2=" " tag="130"><subfield code="a">Advertiser (Mora, Minn.)</subfield></datafield><datafield ind1="1" ind2="0" tag="245"><subfield code="a">Advertiser.</subfield></datafield><datafield ind1="1" ind2="7" tag="246"><subfield code="a">Mora advertiser</subfield></datafield><datafield ind1=" " ind2=" " tag="260"><subfield code="a">Mora, Minn. :</subfield><subfield code="b">Kanabec Publications,</subfield><subfield code="c">1990-</subfield></datafield><datafield ind1=" " ind2=" " tag="300"><subfield code="a">v.</subfield></datafield><datafield ind1="0" ind2=" " tag="362"><subfield code="a">Vol. 43, no. 9 (Aug. 27, 1990)-</subfield></datafield><datafield ind1=" " ind2=" " tag="530"><subfield code="a">Available on microfilm from the Minnesota Historical Society.</subfield></datafield><datafield ind1=" " ind2="0" tag="650"><subfield code="a">Shopping</subfield><subfield code="z">Minnesota</subfield><subfield code="z">Kanabec County</subfield><subfield code="v">Periodicals.</subfield></datafield><datafield ind1=" " ind2="0" tag="651"><subfield code="a">Kanabec County (Minn.)</subfield><subfield code="v">Newspapers.</subfield></datafield><datafield ind1=" " ind2="7" tag="655"><subfield code="a">Newspapers.</subfield><subfield code="2">fast</subfield><subfield code="0">(OCoLC)fst01423814</subfield></datafield><datafield ind1=" " ind2="7" tag="655"><subfield code="a">Periodicals.</subfield><subfield code="2">fast</subfield><subfield code="0">(OCoLC)fst01411641</subfield></datafield><datafield ind1=" " ind2="7" tag="650"><subfield code="a">Shopping.</subfield><subfield code="2">fast</subfield><subfield code="0">(OCoLC)fst01116884</subfield></datafield><datafield ind1=" " ind2="7" tag="651"><subfield code="a">Minnesota</subfield><subfield code="z">Kanabec County.</subfield><subfield code="2">fast</subfield><subfield code="0">(OCoLC)fst01212630</subfield></datafield><datafield ind1=" " ind2=" " tag="752"><subfield code="a">United States</subfield><subfield code="b">Minnesota</subfield><subfield code="c">Kanabec</subfield><subfield code="d">Mora.</subfield></datafield><datafield ind1="0" ind2="0" tag="780"><subfield code="t">Mora advertiser</subfield><subfield code="w">(DLC)sn 91059406</subfield></datafield></record>